=LDR  05377cam a2200529 a 4500
=001  9913984401672
=005  20170707070627.0
=008  090831s2010\\\\kyua\\\\\bq\\\001\0\eng\\
=010  \\$a  2009035878
=015  \\$aGBB0A5866$2bnb
=016  7\$a015640524$2Uk
=020  \\$a9780813125688$q(hardcover ;$qalk. paper)
=020  \\$a0813125685$q(hardcover ;$qalk. paper)
=035  \\$aocn318875078-01cals_network
=035  \\$a(OCoLC)318875078
=035  \\$a(EXLNZ-01CALS_NETWORK)991050719869702901
=040  \\$aDLC$beng$cDLC$dBTCTA$dYDXCP$dC#P$dBWX$dCDX$dUKM$dUWO$dMIX$dBDX$dOCLCF$dOCLCQ$dS3O
=043  \\$an-us---$ae-uk---
=049  \\$aMAIN
=050  00$aPN1992.8.S4$bE87 2010
=082  00$a791.45/6$222
=245  04$aThe essential cult TV reader /$cedited by David Lavery.
=246  3\$aEssential cult television reader
=260  \\$aLexington, Ky. :$bUniversity Press of Kentucky,$c©2010.
=300  \\$a401 pages :$billustrations ;$c24 cm.
=336  \\$atext$btxt$2rdacontent
=337  \\$aunmediated$bn$2rdamedia
=338  \\$avolume$bnc$2rdacarrier
=490  1\$aEssential readers in contemporary media and culture
=504  \\$aIncludes bibliographical references and index.
=504  \\$aIncludes filmography.
=505  0\$aIntroduction: how cult TV became mainstream / David Lavery -- Absolutely fabulous / Angelina I. Karpovich -- The adventures of Brisco County, Jr. / Bartley Porter and Lynnette Porter -- Alias / Henrik Örnebring -- Angel / Joyce Millman -- The avengers / Angelina I. Karpovich -- Battlestar Galactica / Ian Maull and David Lavery -- Blake's 7 / Steven Duckworth -- Buffy the vampire slayer / Milly Williamson -- The comeback / Joanne Morreale -- The daily show and The Colbert report / Sam Ford -- Dark shadows / Jonathan Malcolm Lampley -- Dexter / Michele Byers -- Doctor Who / Matt Hills -- Farscape / Jes Battis -- Firefly / J.P. Telotte -- Freaks and geeks / Jonathan Gray -- Heroes / Nikki Stafford -- The league of gentlemen / Leon Hunt -- Life on Mars / Robin Nelson -- Lost / Marc Dolan -- Miami vice / Jon Stratton -- Monty Python's flying circus / Marcia Landy -- My so-called life / Michele Byers -- Mystery science theater 3000 / Robert Holtzclaw -- The prisoner / Douglas L. Howard -- Quantum leap / Lynnette Porter -- Red dwarf / Dee Amy-Chinn -- Roswell / Stan Beeler -- The Simpsons / Jonathan Gray -- South Park / Jason Jacobs -- Stargate SG-1 / Angela Ndalianis -- The Star trek franchise / Rhonda V. Wilcox -- Supernatural / Alison Peirse -- This life / Stephen Lacey -- Torchwood / Matt Hills -- 24 / Steven Peacock -- The twilight zone / Jonathan Malcolm Lampley -- Twin peaks / David Bianculli -- Ultraviolet / Stacey Abbott -- Veronica Mars / Sue Turnbull -- Wonderfalls / Stan Beeler -- Xena : warrior princess / Carolyn Skelton -- The X-files / Mikel J. Koven.
=520  1\$a"Refusing generic plotlines, commercialization, and mass-market ploys, cult TV programs utilize offbeat, original concepts to gain intensely loyal fan bases. The Essential Cult TV Reader covers a wide spectrum of shows, providing a broad examination of series from across the globe. Spanning the progenitors of cult TV like The Twilight Zone and Star Trek and contemporary shows such as Supernatural and 24, this diverse collection explains how a series can evolve from a virtual broadcasting nonentity with a relatively small following of devoted fans to achieve cult status and phenomenal success." "Examining television shows that amass engaged, active fan bases by employing an imaginative approach to programming, The Essential Cult TV Reader includes essays by a number of distinguished scholars who seek to present the essential definition of cult TV. Classic cult series like Blake's 7, Dark Shadows, The Avengers, Monty Python's Flying Circus, and Doctor Who are explored along with popular, modern shows such as Alias, Dexter, and Lost. The essays examine the characters, relationships, narratives, settings, intertextuality, and recurring motifs that set cult shows apart-for example, the island on Lost plays an active, mysterious role in the show's narrative. Freaks and Geeks, however, is driven by character development among a group of high school outcasts. In contrast, many sitcoms and dramas rely on predictable characters and homogenized plots to appeal to the tastes of mainstream audiences." "The Essential Cult TV Reader answers many questions surrounding the genre while revealing emerging debates on its future, demonstrating that cult TV has staying power in the mediascape."--Jacket.
=650  \0$aTelevision series$zUnited States.
=650  \0$aTelevision viewers$zUnited States.
=650  \0$aTelevision series$zGreat Britain.
=650  \0$aTelevision viewers$zGreat Britain.
=650  \7$aTelevision series.$2fast$0(OCoLC)fst01720041
=650  \7$aTelevision viewers.$2fast$0(OCoLC)fst01147132
=651  \7$aGreat Britain.$2fast$0(OCoLC)fst01204623
=651  \7$aUnited States.$2fast$0(OCoLC)fst01204155
=650  \7$aTV-serier.$2sao
=700  1\$aLavery, David,$d1949-
=830  \0$aEssential readers in contemporary media and culture.
=994  \\$a92$bCAC
=995  \\$aCSU ongoing load collection$b2017-04-26$cAdded to collection customer.5629.4$dCSU final load$eUPDATED
=995  \\$aCSU Final Load$b2017-04-26$cAdded to collection customer.5629.4$dCSU final load$eUPDATED

