=LDR  03091cam a2200529 a 4500
=001  9928784501672
=005  20170620024902.5
=008  100929s2011\\\\maua\\\\\b\\\\001\0\eng\\
=010  \\$a  2010039486
=016  7\$a015729503$2Uk
=020  \\$a9780878933914
=020  \\$a0878933913
=035  \\$aocn668941926-01cals_network
=035  \\$a(OCoLC)668941926
=035  \\$a(OCoLC)ocn668941926
=035  \\$a(EXLNZ-01CALS_NETWORK)991065230079702901
=040  \\$aDLC$beng$cDLC$dYDX$dYDXCP$dCDX$dLML$dUKMGB$dWRM$dBTCTA$dTPH$dIG#$dZCU$dOCLCF$dYAM$dP4I$dWUM$dCHVBK$dOCL$dWIC$dS3O$dOCLCQ$dUSU$dOCLCQ$dEYM$dBQM$dOCLCO
=049  \\$aMAIN
=050  00$aQH324.2$b.H33 2011
=060  \4$aQH 324.2 .H33 2011
=060  \4$aQU 26.5$bH127 2011
=082  00$a570.285$222
=100  1\$aHaddock, Steven H. D.$q(Steven Harold David),$d1965-
=245  10$aPractical computing for biologists /$cSteven H.D. Haddock, Casey W. Dunn.
=260  \\$aSunderland, Mass. :$bSinauer Associates,$c©2011.
=300  \\$axix, 538 pages :$billustrations (chiefly color) ;$c23 cm
=336  \\$atext$btxt$2rdacontent
=337  \\$aunmediated$bn$2rdamedia
=338  \\$avolume$bnc$2rdacarrier
=504  \\$aIncludes bibliographical references and index.
=505  0\$aPart 1: Text files -- Getting set up -- Regular expressions: powerful search and replace -- Exploring the flexibility of regular expressions -- Part 2: The shell -- Command-line operations: the shell -- Handling text in the shell -- Scripting with the shell -- Part 3: Programming -- Components of programming -- Beginning python programming -- Decisions and loops -- Reading and writing files -- Merging files -- Modules and libraries -- Debugging strategies -- Part 4: Combing methods -- Selecting and combining tools -- Relational databases -- Advanced shell and pipelines -- Part 5: Graphics -- Graphical concepts -- Working with vector art -- Working with pixel images -- Part 6: Advanced topics -- Working on remote computers -- Installing software -- Electronics: interacting with the physical world.
=520  \\$aTo help with the increasingly large data sets that many scientists deal with, this book illustrates how to use many freely available computing tools to work more powerfully and effectively. The book was born out of the authors' experiences developing tools for their research and to fix other biologist's computational problems.
=650  \0$aBiology$xData processing.
=650  \0$aComputational biology.
=650  \7$aComputational biology$2fast$0(OCoLC)fst00871990
=650  \7$aBiology$xData processing.$2fast$0(OCoLC)fst00832406
=650  \7$aInformatik$2gnd
=650  \7$aUNIX$2gnd
=650  \7$aBiomathematik$2gnd
=650  \7$aPython$gProgrammiersprache$2gnd
=650  \7$aBiologie.$2idszbz
=650  \7$aDatenverarbeitung.$2idszbz
=650  \7$aBiologi$xdatabehandling.$2sao
=650  12$aComputational Biology.
=700  1\$aDunn, Casey W.
=994  \\$a92$bCAC
=995  \\$aCSU ongoing load collection$b2017-06-18$cMaster record variable field(s) change: 650, 040$dCSU interim load$eUPDATED

