=LDR  03480cas a2200805 a 4500
=001  9911829301672
=005  20170628074155.1
=008  050421c20059999cauqr\p\\\\\\\0\\\a0eng\d
=010  \\$a  2005214201$z  2012256100
=012  \\$l1$m0
=016  7\$a975783548$2DE-101
=016  7\$a2196699-0$2DE-600
=016  7\$a013213884$2Uk
=019  \\$a60353253$a290686410$a671858104$a786036210$a845062883
=022  0\$a1556-2336$l1556-2336$21
=035  \\$aocm59231572-01cals_network
=035  \\$a(OCoLC)59231572$z(OCoLC)60353253$z(OCoLC)290686410$z(OCoLC)671858104$z(OCoLC)786036210$z(OCoLC)845062883
=035  \\$a(OCoLC)ocm59231572 
=035  \\$a(EXLNZ-01CALS_NETWORK)991019693839702901
=037  \\$bMaker Media, Inc., 1160 Battery Street, Suite 125, San Francisco, CA 94111$c{dollar}34.95
=040  \\$aTLM$beng$cTLM$dNSD$dDLC$dNSD$dNYP$dGC0$dCUS$dOCLCQ$dHEBIS$dDEBBG$dGBVCP$dGWDNB$dIUL$dUKMGB$dOCLCQ$dCUV$dOCLCF$dFUG$dOLINC$dOCLCQ$dYDXCP$dOCLCO$dUPM$dS3O$dOCLCO$dOCLCQ$dIGA$dOCLCO$dGRR$dOCLCO$dCVM
=042  \\$alccopycat$ansdp
=049  \\$aMAIN
=050  00$aT1$b.M124
=050  04$aTK1$b.M28
=082  10$a605$213
=130  0\$aMake (Sebastopol, Calif.)
=222  \0$aMake$b(Sebastopol, Calif.)
=245  10$aMake :$btechnology on your time.
=246  1\$aMake technology on your time
=260  \\$aSebastopol, CA :$bO'Reilly Media,$c©2005-
=260  3\$3<2015->$aSan Francisco, CA :$bMaker Media
=300  \\$avolumes :$billustrations (chiefly color) ;$c24 cm
=310  \\$a6 issues yearly,$b2014:Feb./Mar.-
=321  \\$aQuarterly,$bVol. 01 (Feb. 2005)-v.36(2013)
=336  \\$atext$btxt$2rdacontent
=337  \\$aunmediated$bn$2rdamedia
=338  \\$avolume$bnc$2rdacarrier
=362  0\$aVol. 01 (Feb. 2005)-
=500  \\$aTitle from cover.
=515  \\$aVol. 01 called also premiere issue.
=588  \\$aLatest issue consulted: Vol. 44 (April/May 2015) (surrogate).
=591  \\$aPresented by Donald and Marie Van Ness Endowment, 2008, to the California State University San Marcos Library.$9LOCAL
=650  \0$aTechnology$vPeriodicals.
=650  \0$aElectronics$vPeriodicals.
=650  \7$aElectronics.$2fast$0(OCoLC)fst00907538
=650  \7$aTechnology.$2fast$0(OCoLC)fst01145078
=650  \7$aElektrotechnik$2gnd
=650  \7$aTeknik$vperiodika.$2sao
=650  \7$aElektronik$vperiodika.$2sao
=650  \7$aDatateknik$vperiodika.$2sao
=650  \7$aCOMPUTERS / Operating Systems / Linux.$2bisacsh
=650  \7$aCOMPUTERS / Programming Languages / C++$2bisacsh
=650  \7$aCOMPUTERS / Programming Languages / Python.$2bisacsh
=650  \7$aJUVENILE NONFICTION / Technology / Electricity & Electronics.$2bisacsh
=650  \7$aJUVENILE NONFICTION / Technology / How Things Work-Are Made.$2bisacsh
=650  \7$aTECHNOLOGY & ENGINEERING / Electronics.$2bisacsh
=650  \7$aTECHNOLOGY & ENGINEERING / Robotics.$2bisacsh
=650  \7$aTECHNOLOGY & ENGINEERING / Sensors.$2bisacsh
=650  07$aElektrotechnik.$2swd
=655  \4$aZeitschrift.
=655  \7$aPeriodicals.$2fast$0(OCoLC)fst01411641
=655  \7$aPeriodicals.$2lcgft
=776  08$iOnline version:$tMake (Sebastopol, Calif.)$w(OCoLC)738707177
=850  \\$aDLC
=856  41$uhttp://www.make-digital.com
=891  20$9853$81$av.$i(year)$j(month)$wq
=891  41$9863$81.1$a1$i2005$j02
=994  \\$a92$bCAC
=995  \\$aCSU ongoing load collection$b2017-06-27$cMaster record variable field(s) change: 650, 040$dCSU interim load$eUPDATED

