=LDR  04407cam a2200469Ia 4500
=001  9910248001672
=005  20170705174945.0
=008  070906s2007\\\\cc\a\\\\\b\\\\001\0\eng\\
=010  \\$a  2007299299
=015  \\$aGBA709986$2bnb
=016  7\$a013660800$2Uk
=020  \\$a9780596510046$q(pbk.)
=020  \\$a0596510047$q(pbk.)
=035  \\$aocn174040370-01cals_network
=035  \\$a(OCoLC)174040370
=035  \\$a(EXLNZ-01CALS_NETWORK)991037567579702901
=040  \\$aUKM$beng$cDLC$dUKM$dIXA$dYBM$dNOR$dAHS$dTFW$dU5D$dBDX$dOCLCF$dOCLCO$dOKNWC$dOCLCQ$dOVY$dOCLCQ
=042  \\$aukblsr$alccopycat
=049  \\$aMAIN
=050  00$aQA76.758$b.B425 2007
=082  04$a005.1$222
=245  00$aBeautiful code :$b[leading programmers explain how they think] /$cedited by Andy Oram and Greg Wilson.
=250  \\$a1st ed.
=260  \\$aBeijing ;$aSebastopol, Calif. :$bO'Reilly,$c2007.
=300  \\$axxi, 593 pages :$billustrations ;$c24 cm.
=336  \\$atext$btxt$2rdacontent
=337  \\$aunmediated$bn$2rdamedia
=338  \\$avolume$bnc$2rdacarrier
=490  1\$aTheory in practice series
=500  \\$aSubtitle from cover.
=504  \\$aIncludes bibliographical references and index.
=505  00$tForeword /$rGreg Wilson --$tPreface --$g1.$tA regular expression matcher /$rBrian Kernighan --$g2.$tSubversion's delta editor : interface as ontology /$rKarl Fogel --$g3.$tThe most beautiful code I never wrote /$rJon Bentley --$g4.$tFinding things /$rTim Bray --$g5.$tCorrect, beautiful, fast (in that order) : lessons from designing XML verifiers /$rElliotte Rusty Harold --$g6.$tFramework for integrated test : beauty through fragility /$rMichael Feathers --$g7.$tBeautiful tests /$rAlberto Savoia --$g8.$tOn-the-fly code generation for image processing /$rCharles Petzold --$g9.$tTop down operator precedence /$rDouglas Crockford --$g10.$tThe quest for an accelerated population count /$rHenry S. Warren, Jr. --$g11.$tSecure communication : the technology of freedom /$rAshish Gulhati --$g12.$tGrowing beautiful code in bioperl /$rLincoln Stein --$g13.$tThe design of the gene sorter /$rJim Kent --$g14.$tHow elegant code evolves with hardware : the case of Gaussian elimination /$rJack Dongarra and Piotr Luszczek --$g15.$tThe long-term benefits of beautiful design /$rAdam Kolawa.
=505  00$g16.$tThe Linux kernel driver model : the benefits of working together /$rGreg Kroah-Hartman --$g17.$tAnother level of indirection /$rDiomidis Spinellis --$g18.$tPython's dictionary implementation : being all things to all people /$rAndrew Kuchling --$g19.$tMultidimensional iterators in numpy /$rTravis E. Oliphant --$g20.$tA highly reliable enterprise system for Nasa's mars rover mission /$rRonald Mak --$g21.$tERP5 : designing for maximum adaptability /$rRogerio Atem de Carvalho and Rafael Monnerat --$g22.$tA spoonful of sewage /$rBryan Gantrill --$g23.$tDistributed programming with MapReduce /$rJeffrey Dean and Sanjay Ghemawat --$g24.$tBeautiful concurrency /$rSimon Peyton Jones --$g25.$tSyntactic abstraction : the syntax-case expander /$rR. Kent Dybuig --$g26.$tLabor-saving architecture : an object-oriented framework for networked software /$rWilliam R. Otte and Douglas C. Schmidt --$g27.$tIntegrating business partners the restful way /$rAndrew Patzer --$g28.$tBeautiful debugging /$rAndres Zeller --$g29.$tTreating code as an essay /$rYukihiro Matsumoto --$g30.$tWhen a button is all that connects you to the world /$rArun Mehta --$g31.$tEmacspeak : the complete audio desktop /$rT.V. Raman --$g32.$tCode in motion /$rLaura Wingerd and Christopher Swiwald --$g33.$tWriting programs for "the book" /$rBrian Hayes --$tAfterword /$rAndy Oram --$tContributors --$tIndex.
=520  \\$aLeading computer scientists discuss how they found unusual, carefully designed solutions to difficult problems. The text lets readers look over the shoulder of major coding and design experts to see problems through their eyes.
=650  \0$aSoftware engineering.
=650  \7$aSoftware engineering.$2fast$0(OCoLC)fst01124185
=700  1\$aOram, Andrew,$eeditor.
=700  1\$aWilson, Greg,$d1963-$eeditor.
=830  \0$aTheory in practice series.
=994  \\$a92$bCAC
=995  \\$aCSU ongoing load collection$b2017-04-26$cAdded to collection customer.5629.4$dCSU final load$eUPDATED
=995  \\$aCSU Final Load$b2017-04-26$cAdded to collection customer.5629.4$dCSU final load$eUPDATED

