=LDR  05004cam a2200589 a 4500
=001  99543801672
=005  20170908015020.7
=008  030529s2003\\\\caua\\\\\\\\\\001\0\eng\\
=010  \\$a  2003269689
=015  \\$aGBA2V7889$2bnb
=019  \\$a50301860$a50988796$a54023370
=020  \\$a0596003307
=020  \\$a9780596003302
=024  3\$a9780596003302
=035  \\$aocm52381684-01cals_network
=035  \\$a(OCoLC)52381684$z(OCoLC)50301860$z(OCoLC)50988796$z(OCoLC)54023370
=035  \\$a(OCoLC)ocm52381684 
=035  \\$a(EXLNZ-01CALS_NETWORK)991010538829702901
=040  \\$aDLC$beng$cDLC$dWIY$dCUS$dUKM$dBAKER$dYDXCP$dBTCTA$dP@N$dDEBSZ$dBDX$dHDC$dOCLCF$dOCLCO$dOCLCQ$dI8M$dERL
=049  \\$aMAIN
=050  00$aQA76.76.O63$bP44 2003
=060  \4$aQA 76.76 O63$bP68 2002
=082  00$a005.4/32$222
=245  00$aUNIX power tools /$cShelley Powers [and others].
=250  \\$a3rd ed., updated and expanded.
=260  \\$aSebastopol, CA :$bO'Reilly,$c©2003.
=300  \\$axxxviii, 1116 pages :$billustrations ;$c24 cm
=336  \\$atext$btxt$2rdacontent
=337  \\$aunmediated$bn$2rdamedia
=338  \\$avolume$bnc$2rdacarrier
=500  \\$aRevised edition of: Unix power tools / Jerry Peek. c1994.
=500  \\$aIncludes index.
=505  00$gPart I$tBasic Unix Environment --$g2.$tGetting Help$g32 --$gPart II$tCustomizing Your Environment --$g3.$tSetting Up Your Unix Shell$g43 --$g4.$tInteracting with Your Environment$g70 --$g5.$tGetting the Most out of Terminals, xterm, and X Windows$g92 --$g6.$tYour X Environment$g124 --$gPart III$tWorking with Files and Directories --$g7.$tDirectory Organization$g147 --$g8.$tDirectories and Files$g154 --$g9.$tFinding Files with find$g171 --$g10.$tLinking, Renaming, and Copying Files$g201 --$g11.$tComparing Files$g218 --$g12.$tShowing What's in a File$g234 --$g13.$tSearching Through Files$g247 --$g14.$tRemoving Files$g262 --$g15.$tOptimizing Disk Space$g277 --$gPart IV$tBasic Editing --$g16.$tSpell Checking, Word Counting, and Textual Analysis$g295 --$g17.$tvi Tips and Tricks$g308 --$g18.$tCreating Custom Commands in vi$g336 --$g19.$tGNU Emacs$g353 --$g20.$tBatch Editing$g367 --$g21.$tYou Can't Quite Call This Editing$g390 --$g22.$tSorting$g421 --$gPart V$tProcesses and the Kernel --$g23.$tJob Control$g435 --$g24.$tStarting, Stopping, and Killing Processes$g451 --$g25.$tDelayed Execution$g488 --$g26.$tSystem Performance and Profiling$g500 --$gPart VI$tScripting --$g27.$tShell Interpretation$g513 --$g28.$tSaving Time on the Command Line$g542 --$g29.$tCustom Commands$g571 --$g30.$tThe Use of History$g593 --$g31.$tMoving Around in a Hurry$g617 --$g32.$tRegular Expressions (Pattern Matching)$g633 --$g33.$tWildcards$g657 --$g34.$tThe sed Stream Editor$g668 --$g35.$tShell Programming for the Uninitiated$g698 --$g36.$tShell Programming for the Initiated$g741 --$g37.$tShell Script Debugging and Gotchas$g775 --$gPart VII$tExtending and Managing Your Environment --$g38.$tBacking Up Files$g787 --$g39.$tCreating and Reading Archives$g808 --$g40.$tSoftware Installation$g822 --$g41.$tPerl$g839 --$g42.$tPython$g869 --$gPart VIII$tCommunication and Connectivity --$g43.$tRedirecting Input and Output$g885 --$g44.$tDevices$g900 --$g45.$tPrinting$g914 --$g46.$tConnectivity$g936 --$g47.$tConnecting to MS Windows$g951 --$gPart IX$tSecurity --$g48.$tSecurity Basics$g969 --$g49.$tRoot, Group, and User Management$g982 --$g50.$tFile Security, Ownership, and Sharing$g994 --$g51.$tSSH$g1011.
=630  00$aUNIX (Computer file)
=630  07$aUNIX (Computer file)$2fast$0(OCoLC)fst01365395
=630  04$aUNIX (Archivo de computadora)
=650  \0$aUtilities (Computer programs)
=650  \7$aUtilities (Computer programs)$2fast$0(OCoLC)fst01163336
=650  \4$aUtilerías (Programas para computadora)
=700  1\$aPowers, Shelley.
=700  1\$aPeek, Jerry.$tUnix power tools.
=856  41$3Table of contents$uhttp://catdir.loc.gov/catdir/enhancements/fy1009/2003269689-t.html
=856  41$3Table of contents$qapplication/pdf$uhttp://www.ulb.tu-darmstadt.de/tocs/109476654.pdf$v20090711000000
=856  42$3Contributor biographical information$uhttp://catdir.loc.gov/catdir/enhancements/fy0912/2003269689-b.html
=856  42$3Publisher description$uhttp://catdir.loc.gov/catdir/enhancements/fy0715/2003269689-d.html
=856  4\$3Cover$qtext/html$uhttp://swbplus.bsz-bw.de/bsz102533598cov.htm
=856  4\$3Verlagsinformation$qtext/html$uhttp://swbplus.bsz-bw.de/bsz102533598vlg.htm
=856  4\$3Verlagsinformation$qtext/html$uhttp://swbplus.bsz-bw.de/bsz102533598vlg-1.htm
=856  41$uhttp://0-proquest.safaribooksonline.com.wam.leeds.ac.uk/?xmlId=0-596-00330-7&uiCode=leeds$zView this book online, via Safari Books, both on- and off-campus
=856  42$uhttp://lib.leeds.ac.uk/record=b2530008$zThis title is also available in print. Click here.
=994  \\$a92$bCAC
=995  \\$aCSU ongoing load collection$b2017-09-08$cMaster record variable field(s) change: 040, 856$dCSU interim load$eUPDATED

