=LDR  01934cam a2200409 i 4500
=001  9937369101672
=005  20170709003059.0
=008  110208s2012\\\\maua\\\\\\\\\\001\0\eng\\
=010  \\$a  2011002923
=016  7\$a015827825$2Uk
=020  \\$a9780132576376
=020  \\$a0132576376
=035  \\$aocn701325822-01cals_network
=035  \\$a(OCoLC)701325822
=035  \\$a(EXLNZ-01CALS_NETWORK)991067063819702901
=040  \\$aDLC$beng$erda$cDLC$dYDX$dYDXCP$dCDX$dIG#$dUKMGB$dBDX$dATSHR$dFOLLT$dOCLCF$dTXI$dI8M
=042  \\$apcc
=049  \\$aMAIN
=050  00$aQA76.73.P98$bG34 2012
=082  00$a005.13/3$223
=100  1\$aGaddis, Tony,$eauthor.
=245  10$aStarting out with Python /$cTony Gaddis, Haywood Community College.
=250  \\$aSecond edition.
=264  \1$aBoston :$bAddison-Wesley,$c[2012]
=300  \\$axvii, 611 pages :$billustrations ;$c26 cm
=336  \\$atext$2rdacontent
=337  \\$aunmediated$2rdamedia
=338  \\$avolume$2rdacarrier
=500  \\$aIncludes index.
=505  0\$aIntroduction to computers and programming -- Input, processing, and output -- Simple functions -- Decision structures and Boolean logic -- Repetition structures -- Value-returning functions and modules -- Files and exceptions -- Lists and tuples -- More about strings -- Dictionaries and sets -- Classes and object-oriented programming -- Inheritance -- Recursion -- GUI programming.
=650  \0$aPython (Computer program language)
=650  \7$aPython (Computer program language)$2fast$0(OCoLC)fst01084736
=650  \4$aPython (Lenguaje de programación para computadora)
=856  41$3Table of contents only$uhttp://catdir.loc.gov/catdir/toc/fy11pdf03/2011002923.html
=994  \\$a92$bCAC
=995  \\$aCSU ongoing load collection$b2017-04-26$cAdded to collection customer.5629.4$dCSU final load$eUPDATED
=995  \\$aCSU Final Load$b2017-04-26$cAdded to collection customer.5629.4$dCSU final load$eUPDATED

